<record><leader>00000cas a22000007a 4500</leader><controlfield tag="001">43245766</controlfield><controlfield tag="008">000110d1936193uvauwr ne      0    0eng d</controlfield><datafield ind1=" " ind2=" " tag="010"><subfield code="a">sn 00064998 </subfield></datafield><datafield ind1=" " ind2=" " tag="040"><subfield code="a">NVK</subfield><subfield code="b">eng</subfield><subfield code="c">NVK</subfield><subfield code="d">OCLCQ</subfield><subfield code="d">OCLCF</subfield><subfield code="d">OCLCO</subfield><subfield code="d">OCLCA</subfield></datafield><datafield ind1="1" ind2=" " tag="029"><subfield code="a">AU@</subfield><subfield code="b">000021316170</subfield></datafield><datafield ind1=" " ind2=" " tag="042"><subfield code="a">msc</subfield></datafield><datafield ind1=" " ind2=" " tag="043"><subfield code="a">n-us-va</subfield></datafield><datafield ind1="0" ind2="5" tag="245"><subfield code="a">Camp 13 news.</subfield></datafield><datafield ind1="3" ind2=" " tag="246"><subfield code="a">Camp thirteen news</subfield></datafield><datafield ind1=" " ind2=" " tag="260"><subfield code="a">Natural Bridge Station, Va. :</subfield><subfield code="b">C.C.C. Co. 2345</subfield></datafield><datafield ind1=" " ind2=" " tag="300"><subfield code="a">v.</subfield></datafield><datafield ind1=" " ind2=" " tag="310"><subfield code="a">Weekly</subfield></datafield><datafield ind1="1" ind2=" " tag="362"><subfield code="a">Began in 1936?</subfield></datafield><datafield ind1=" " ind2=" " tag="500"><subfield code="a">Camp NF-13.</subfield></datafield><datafield ind1=" " ind2=" " tag="515"><subfield code="a">Continued numbering of: B-ridge until Nov. 21, 1936, when new numbering began.</subfield></datafield><datafield ind1=" " ind2=" " tag="530"><subfield code="a">Available on microfiche from the Center for Research Libraries.</subfield></datafield><datafield ind1=" " ind2=" " tag="580"><subfield code="a">C.C.C. Comapny 2345 later published: Cacaphonus calumny.</subfield></datafield><datafield ind1=" " ind2=" " tag="588"><subfield code="a">Description based on: Vol. 3, no. 1 (June 4, 1936).</subfield></datafield><datafield ind1=" " ind2=" " tag="588"><subfield code="a">Latest issue consulted: Jan. 31, 1937.</subfield></datafield><datafield ind1="2" ind2="0" tag="610"><subfield code="a">Civilian Conservation Corps (U.S.)</subfield><subfield code="v">Newspapers.</subfield></datafield><datafield ind1=" " ind2="0" tag="651"><subfield code="a">Natural Bridge (Va.)</subfield><subfield code="v">Newspapers.</subfield></datafield><datafield ind1=" " ind2="7" tag="655"><subfield code="a">Newspapers.</subfield><subfield code="2">fast</subfield><subfield code="0">(OCoLC)fst01423814</subfield></datafield><datafield ind1="2" ind2="7" tag="610"><subfield code="a">Civilian Conservation Corps (U.S.)</subfield><subfield code="2">fast</subfield><subfield code="0">(OCoLC)fst00536299</subfield></datafield><datafield ind1=" " ind2="7" tag="651"><subfield code="a">Virginia</subfield><subfield code="z">Natural Bridge.</subfield><subfield code="2">fast</subfield><subfield code="0">(OCoLC)fst01246747</subfield></datafield><datafield ind1="2" ind2=" " tag="710"><subfield code="a">Civilian Conservation Corps (U.S.).</subfield><subfield code="b">Company 2345 (Natural Bridge Station, Va.)</subfield></datafield><datafield ind1=" " ind2=" " tag="752"><subfield code="a">United States</subfield><subfield code="b">Virginia</subfield><subfield code="c">Rockbridge</subfield><subfield code="d">Natural Bridge.</subfield></datafield><datafield ind1="0" ind2="0" tag="780"><subfield code="t">B-ridge</subfield><subfield code="w">(DLC)sn 00064909</subfield></datafield><datafield ind1="1" ind2=" " tag="787"><subfield code="t">Cacaphonus calumny</subfield><subfield code="w">(DLC)sn 99066931</subfield></datafield></record>